%% This BibTeX bibliography file was created using BibDesk.
%% http://bibdesk.sourceforge.net/


%% Created for Nikolai Salin at 2015-06-22 20:15:05 +0300 


%% Saved with string encoding Unicode (UTF-8) 


@misc{irssi,
  title = {irssi - The client of the future},
  note = "[Электронный ресурс] URL:\url{http://aiweb.techfak.uni-bielefeld.de/content/bworld-robot-control-software/} (дата обращения 20/06/2015)",
  language = {russian},
}

@misc{mtr,
  title = {MTR},
  note = "[Электронный ресурс] URL:\url{http://www.bitwizard.nl/mtr/} (дата обращения 20/06/2015)",
  language = {russian},
}

@misc{curl,
  title = {cURL},
  note = "[Электронный ресурс] URL:\url{http://curl.haxx.se/} (дата обращения 20/06/2015)",
  language = {russian},
}

@misc{clangFea,
  title = {Clang - Features and Goals},
  note = "[Электронный ресурс] URL:\url{http://clang.llvm.org/features.html} (дата обращения 20/06/2015)",
  language = {russian},
}

@misc{git,
  title = {CppSpotter},
  note = "[Электронный ресурс] URL:\url{https://github.com/iL3f/CppSpotter} (дата обращения 20/06/2015)",
  language = {russian},
}

@misc{llvm,
  title = {The LLVM Compiler Infrastructure Project},
  note = "[Электронный ресурс] URL:\url{http://www.llvm.org/} (дата обращения 20/06/2015)",
  language = {russian},
}

@misc{clang,
  title = {"clang" C language family frontend for LLVM},
  note = "[Электронный ресурс] URL:\url{http://clang.llvm.org/} (дата обращения 20/06/2015)",
  language = {russian},
}

@misc{sdWest,
  title = {Why Your Code Sucks},
  note = "[Электронный ресурс] URL:\url{http://www.artima.com/weblogs/viewpost.jsp?thread=71730} (дата обращения 20/06/2015)",
  language = {russian},
}

@misc{clCheck,
  title = {Available Checkers},
  note = "[Электронный ресурс] URL:\url{http://clang-analyzer.llvm.org/available_checks.html} (дата обращения 20/06/2015)",
  language = {russian},
}

@misc{flintGit,
  title = {facebook/flint},
  note = "[Электронный ресурс] URL:\url{https://github.com/facebook/flint} (дата обращения 20/06/2015)",
  language = {russian},
}

@misc{flintErr,
  title = {Under the Hood: Building and open-sourcing flint},
  note = "[Электронный ресурс] URL:\url{https://code.facebook.com/posts/729709347050548/under-the-hood-building-and-open-sourcing-flint/} (дата обращения 20/06/2015)",
  language = {russian},
}

@misc{covCur,
  title = {Coverity: Mars Rover Curiosity's 'Space Doctors' On Bug Hunting In Space},
  note = "[Электронный ресурс] URL:\url{http://www.huffingtonpost.co.uk/2012/09/27/curiositys-doctors-mars-rover-coverity_n_1919115.html} (дата обращения 20/06/2015)",
  language = {russian},
}

@misc{covCern,
  title = {CERN Chooses Coverity to Ensure Accuracy of Large Hadron Collider Software},
  note = "[Электронный ресурс] URL:\url{http://www.coverity.com/press-releases/cern-chooses-coverity-to-ensure-accuracy-of-large-hadron-collider-software/} (дата обращения 20/06/2015)",
  language = {russian},
}

@misc{covScan,
  title = {Coverity Scan - Frequently Asked Questions (FAQ)},
  note = "[Электронный ресурс] URL:\url{https://scan.coverity.com/faq} (дата обращения 20/06/2015)",
  language = {russian},
}

@misc{covall,
  title = {Coverity Code Advisor},
  note = "[Электронный ресурс] URL:\url{http://www.coverity.com/products/code-advisor/} (дата обращения 20/06/2015)",
  language = {russian},
}

@misc{pvsopen,
  title = {Обновляемый список статей, в которых мы рассказываем об ошибках, найденных с помощью PVS-Studio в открытых проектах},
  note = "[Электронный ресурс] URL:\url{http://www.viva64.com/ru/a/0084/} (дата обращения 20/06/2015)",
  language = {russian},
}

@misc{pvs,
  title = {Сообщения PVS-Studio},
  note = "[Электронный ресурс] URL:\url{http://www.viva64.com/ru/d/0368/} (дата обращения 20/06/2015)",
  language = {russian},
}

@misc{analysWiki,
  title = {List of tools for static code analysis},
  note = "[Электронный ресурс] URL:\url{https://en.wikipedia.org/wiki/List_of_tools_for_static_code_analysis} (дата обращения 20/06/2015)",
  language = {russian},
}

@misc{codeAssist,
  title = {CodingAssistant-Clang},
  note = "[Электронный ресурс] URL:\url{https://github.com/jitara/CodingAssistant-Clang} (дата обращения 20/06/2015)",
  language = {russian},
}

@book{ariane,
	Date-Added = {2015-06-21 16:22:24 +0000},
	Date-Modified = {2015-06-21 17:00:18 +0000},
	Publisher = {Software, IEEE},
	Title = {Ariane 5: Who Dunnit?},
	Volume = {14},
	Year = {1997}}

@book{therac,
	Author = {N. Leveson, C. Turner},
	Date-Added = {2015-06-21 16:14:13 +0000},
	Date-Modified = {2015-06-21 16:21:46 +0000},
	Number = {7},
	Publisher = {IEEE Computer},
	Title = {An Investigation of the Therac-25 Accidents},
	Year = {1993}}
